[gd_scene load_steps=15 format=3 uid="uid://3g2nwkthhixb"]

[ext_resource type="Script" path="res://characters/alien/scripts/main.gd" id="2_4hkgl"]
[ext_resource type="Texture2D" uid="uid://dgk5iapnmscad" path="res://characters/alien/assets/walk.png" id="2_gapg6"]

[sub_resource type="AtlasTexture" id="AtlasTexture_1nco1"]
atlas = ExtResource("2_gapg6")
region = Rect2(0, 0, 72, 97)

[sub_resource type="AtlasTexture" id="AtlasTexture_t43gl"]
atlas = ExtResource("2_gapg6")
region = Rect2(72, 0, 72, 97)

[sub_resource type="AtlasTexture" id="AtlasTexture_xd8qe"]
atlas = ExtResource("2_gapg6")
region = Rect2(144, 0, 72, 97)

[sub_resource type="AtlasTexture" id="AtlasTexture_ggok1"]
atlas = ExtResource("2_gapg6")
region = Rect2(216, 0, 72, 97)

[sub_resource type="AtlasTexture" id="AtlasTexture_y4bpa"]
atlas = ExtResource("2_gapg6")
region = Rect2(288, 0, 72, 97)

[sub_resource type="AtlasTexture" id="AtlasTexture_xavh4"]
atlas = ExtResource("2_gapg6")
region = Rect2(360, 0, 72, 97)

[sub_resource type="AtlasTexture" id="AtlasTexture_k45ev"]
atlas = ExtResource("2_gapg6")
region = Rect2(432, 0, 72, 97)

[sub_resource type="AtlasTexture" id="AtlasTexture_46wkv"]
atlas = ExtResource("2_gapg6")
region = Rect2(504, 0, 72, 97)

[sub_resource type="AtlasTexture" id="AtlasTexture_gbtne"]
atlas = ExtResource("2_gapg6")
region = Rect2(576, 0, 72, 97)

[sub_resource type="AtlasTexture" id="AtlasTexture_fwmb1"]
atlas = ExtResource("2_gapg6")
region = Rect2(648, 0, 72, 97)

[sub_resource type="AtlasTexture" id="AtlasTexture_g1cxu"]
atlas = ExtResource("2_gapg6")
region = Rect2(720, 0, 72, 97)

[sub_resource type="SpriteFrames" id="SpriteFrames_l3twa"]
animations = [{
"frames": [{
"duration": 1.0,
"texture": SubResource("AtlasTexture_1nco1")
}, {
"duration": 1.0,
"texture": SubResource("AtlasTexture_t43gl")
}, {
"duration": 1.0,
"texture": SubResource("AtlasTexture_xd8qe")
}, {
"duration": 1.0,
"texture": SubResource("AtlasTexture_ggok1")
}, {
"duration": 1.0,
"texture": SubResource("AtlasTexture_y4bpa")
}, {
"duration": 1.0,
"texture": SubResource("AtlasTexture_xavh4")
}, {
"duration": 1.0,
"texture": SubResource("AtlasTexture_k45ev")
}, {
"duration": 1.0,
"texture": SubResource("AtlasTexture_46wkv")
}, {
"duration": 1.0,
"texture": SubResource("AtlasTexture_gbtne")
}, {
"duration": 1.0,
"texture": SubResource("AtlasTexture_fwmb1")
}, {
"duration": 1.0,
"texture": SubResource("AtlasTexture_g1cxu")
}],
"loop": true,
"name": &"walk",
"speed": 20.0
}]

[node name="CharacterBody2D" type="CharacterBody2D"]
script = ExtResource("2_4hkgl")

[node name="AnimatedSprite2D" type="AnimatedSprite2D" parent="."]
position = Vector2(608, 356)
sprite_frames = SubResource("SpriteFrames_l3twa")
animation = &"walk"
frame = 4
frame_progress = 0.995522
